<record><leader>00000cas a22000007a 4500</leader><controlfield tag="001">9911047</controlfield><controlfield tag="008">830915d18921982mnudn ne      0    0eng  </controlfield><datafield ind1=" " ind2=" " tag="010"><subfield code="a">sn 83016584 </subfield></datafield><datafield ind1=" " ind2=" " tag="040"><subfield code="a">DLC</subfield><subfield code="b">eng</subfield><subfield code="c">DLC</subfield><subfield code="d">MN#</subfield><subfield code="d">OCLCQ</subfield><subfield code="d">OCLCF</subfield><subfield code="d">DLC</subfield><subfield code="d">OCLCO</subfield></datafield><datafield ind1=" " ind2=" " tag="042"><subfield code="a">msc</subfield></datafield><datafield ind1=" " ind2=" " tag="043"><subfield code="a">n-us-mn</subfield></datafield><datafield ind1="0" ind2="0" tag="050"><subfield code="a">Newspaper 8474</subfield></datafield><datafield ind1=" " ind2=" " tag="052"><subfield code="a">4144</subfield><subfield code="b">L7</subfield></datafield><datafield ind1=" " ind2=" " tag="052"><subfield code="a">4143</subfield><subfield code="b">M6</subfield></datafield><datafield ind1="0" ind2="0" tag="245"><subfield code="a">Little Falls daily transcript.</subfield></datafield><datafield ind1="1" ind2="3" tag="246"><subfield code="a">Daily transcript</subfield></datafield><datafield ind1=" " ind2=" " tag="260"><subfield code="a">Little Falls, Minn. :</subfield><subfield code="b">Transcript Pub. Co.</subfield></datafield><datafield ind1=" " ind2=" " tag="300"><subfield code="a">v. :</subfield><subfield code="b">ill. ;</subfield><subfield code="c">60 cm.</subfield></datafield><datafield ind1=" " ind2=" " tag="310"><subfield code="a">Daily (except Sun.)</subfield></datafield><datafield ind1="1" ind2=" " tag="362"><subfield code="a">Began Apr. 4, 1892.</subfield></datafield><datafield ind1="0" ind2=" " tag="362"><subfield code="a">-91st year, no. 164 (Nov. 22, 1982).</subfield></datafield><datafield ind1=" " ind2=" " tag="530"><subfield code="a">Available on microfilm from the Minnesota Historical Society.</subfield></datafield><datafield ind1=" " ind2=" " tag="588"><subfield code="a">Description based on: Vol. 2, no. 13 (Apr. 18, 1893).</subfield></datafield><datafield ind1=" " ind2="0" tag="651"><subfield code="a">Little Falls (Minn.)</subfield><subfield code="v">Newspapers.</subfield></datafield><datafield ind1=" " ind2="7" tag="651"><subfield code="a">Minnesota</subfield><subfield code="z">Little Falls.</subfield><subfield code="2">fast</subfield><subfield code="0">(OCoLC)fst01220176</subfield></datafield><datafield ind1=" " ind2="7" tag="655"><subfield code="a">Newspapers.</subfield><subfield code="2">fast</subfield><subfield code="0">(OCoLC)fst01423814</subfield></datafield><datafield ind1=" " ind2=" " tag="752"><subfield code="a">United States</subfield><subfield code="b">Minnesota</subfield><subfield code="c">Morrison</subfield><subfield code="d">Little Falls.</subfield></datafield><datafield ind1="0" ind2=" " tag="775"><subfield code="t">Little Falls transcript</subfield><subfield code="x">2332-7391</subfield><subfield code="w">(DLC)sn 89064525</subfield><subfield code="w">(OCoLC)1588507</subfield></datafield><datafield ind1="0" ind2="5" tag="780"><subfield code="t">Little Falls herald (Little Falls, Minn.)</subfield><subfield code="x">2332-7367</subfield><subfield code="w">(DLC)sn 89064515</subfield><subfield code="w">(OCoLC)1756032</subfield></datafield><datafield ind1="0" ind2="5" tag="780"><subfield code="t">Royalton banner-Pierz journal</subfield><subfield code="w">(DLC)sn 89064513</subfield></datafield><datafield ind1="0" ind2="4" tag="785"><subfield code="t">Saint Cloud daily times (Saint Cloud, Minn. : 1941)</subfield><subfield code="w">(DLC)sn 83016817</subfield></datafield></record>